@article{eckmann1944,
  title={Harmonische Funktionen und Randwertaufgaben in einem Komplex},
  author={Eckmann, Beno},
  journal={Commentarii Mathematici Helvetici},
  volume={17},
  number={1},
  pages={240--255},
  year={1944}
}

@article{kirchhoff1847,
  title={{Ueber die Auflösung der Gleichungen, auf welche man bei der Untersuchung der linearen Vertheilung galvanischer Ströme geführt wird}},
  author={Kirchhoff, Gustav},
  journal={Annalen der Physik},
  volume={148},
  number={12},
  pages={497--508},
  year={1847}
}

@book{chung1997spectral,
  title={Spectral graph theory},
  author={Chung, Fan R. K.},
  series={Regional Conference Series in Mathematics},
  volume={92},
  year={1997},
  publisher={American Mathematical Society}
}

@article{horak2013spectra,
  title={Spectra of combinatorial Laplace operators on simplicial complexes},
  author={Horak, Danijela and Jost, Jürgen},
  journal={Advances in Mathematics},
  volume={244},
  pages={303--336},
  year={2013},
  publisher={Elsevier}
}

@book{cvetkovic1979,
  title={Spectra of Graphs},
  subtitle={Theory and Application},
  author={Dragoš M. Cvetković and Michael Doob and Horst Sachs},
  series={Pure and Applied Mathematics},
  editors={Samuel Eilenberg and Hyman Bass},
  publisher={Academic Press},
  year={1979}
}

@article{steinhaus1956division,
  title={Sur la division des corp materiels en parties},
  author={Steinhaus, Hugo},
  journal={Bull. Acad. Polon. Sci},
  volume={3},
  number={4},
  pages={801--804},
  year={1957}
}

@article{sorensen1948method,
  title={A method of establishing groups of equal amplitude in plant sociology based on similarity of species and its application to analyses of the vegetation on {D}anish commons},
  author={Sørensen, Thorvald},
  journal={Biologiske Skrifter},
  volume={5},
  number={4},
  pages={1--34},
  year={1948}
}

@article{sneath1957application,
  title={The application of computers to taxonomy},
  author={Sneath, Peter H A},
  journal={Journal of General Microbiology},
  volume={17},
  pages={201--226},
  year={1957}
}

@inproceedings{cheeger1969lower,
  title={A lower bound for the smallest eigenvalue of the {L}aplacian},
  author={Cheeger, Jeff},
  year={1969},
  pages={195--199},
  booktitle={Proceedings of the Princeton conference in honor of Professor S. Bochner}
}

@article{fiedler1973algebraic,
  title={Algebraic connectivity of graphs},
  author={Fiedler, Miroslav},
  journal={Czechoslovak mathematical journal},
  volume={23},
  number={2},
  pages={298--305},
  year={1973},
  publisher={Institute of Mathematics, Academy of Sciences of the Czech Republic}
}

@phdthesis{hirani2003thesis,
  title={Discrete Exterior Calculus},
  author={Hirani, Anil N.},
  year={2003},
  school={California Insitute of Technology}
}

@inproceedings{szlam2010total,
  title={Total variation and {C}heeger cuts},
  author={Szlam, Arthus and Bresson, Xavier},
  year={2010},
  pages={1039--1046},
  booktitle={Proceedings  of
  the  27th International Conference on Machine Learning}
}

@article{vonluxburg2007tutorial,
  title={A tutorial on spectral clustering},
  author={{v}on Luxburg, Ulrike},
  journal={Statistics and computing},
  volume={17},
  number={4},
  pages={395--416},
  year={2007}
}

@inproceedings{leach2002survey,
  title={A survey paper on independent component analysis},
  author={Leach, Keshia N.},
  year={2002},
  pages={239--242},
  booktitle={Proceedings of
  the Thirty-Fourth Southeastern Symposium on System Theory}
}
@article{steenbergen2014cheeger,
  title={A {C}heeger-type inequality on simplicial complexes},
  author={Steenbergen, John and Klivans, Caroline and Mukherjee, Sayan},
  journal={Advances in Applied Mathematics},
  volume={56},
  pages={56--77},
  year={2014}
}



@inproceedings{gundert2014higher,
  title={Higher dimensional {C}heeger inequalities},
  author={Gundert, Anna and Szedlák, May},
  year={2014},
  pages={181},
  booktitle={Proceedings of the thirtieth annual symposium on Computational geometry}
}

@article{moore2012,
  title={Analyzing collaboration networks using simplicial complexes: A case study},
  author={ Moore, Terrence J. and Drost, Robert J. and Basu, Prithwish and Ramanathan, Ram and Swami, Anantharam},
  journal={Proceedings IEEE INFOCOM Workshops},
  pages={238--243},
  year={2012}
}


@article {giusti2015,
	author = {Giusti, Chad and Pastalkova, Eva and Curto, Carina and Itskov, Vladimir},
	title = {Clique topology reveals intrinsic geometric structure in neural correlations},
	volume = {112},
	number = {44},
	pages = {13455--13460},
	year = {2015},
	journal = {Proceedings of the National Academy of Sciences}
}

@article{silva2007,
	author = {Vin de Silva and Robert Ghrist},
	year = {2007},
	month = {04},
	title = {Coverage in sensor networks via persistent homology},
	volume = {7},
	journal = {Algebraic \& Geometric Topology},
}

@article{berkhin2007survey,
  author = {Berkhin, Pavel},
  journal = {Grouping Multidimensional Data. Springer, Berlin, Heidelberg},
  title = {A Survey of Clustering Data Mining Techniques},
  year = {2006}
}

@article{carlsson2008,
    author = {Carlsson, Gunnar},
    title = {Topology and Data},
    journal = {Bull. Amer. Math. Soc.},
    volume={46},
    number={2},
    pages = {255--308},
    year = {2009}
}

@misc{chazal2017,
  title={An introduction to Topological Data Analysis: fundamental and practical aspects for data scientists},
  author={Chazal,Frederic and Michel, Bertrand},
  year    = {2017},
  archivePrefix = {arXiv},
  eprint    = {1710.04019}
}

@article{patania2017,
	author={Patania, Alice and Petri, Giovanni and Vaccarino, Francesco},
	title={The shape of collaborations},
	journal={EPJ Data Science},
	year={2017},
	volume={6},
	number={1}
}

@article{reimann2017,
	author={Reimann, Michael W. and Nolte, Max and Scolamiero, Martina and Turner, Katharine and Perin, Rodrigo and Chindemi, Giuseppe and Dłotko, Paweł and Levi, Ran and Hess, Kathryn and Markram, Henry},
	title={Cliques of Neurons Bound into Cavities Provide a Missing Link between Structure and Function},
	journal={Frontiers in Computational Neuroscience},
	volume={11},
	pages={48},
	year={2017},

}

@article{saadatfar2017,
   author = {Saadatfar,Mohammad and Takeuchi, H. and Robins, Vanessa and Francois, Nicolas and Hiraoka, Yasuaki},
    title = "{Pore configuration landscape of granular crystallization}",
  journal = {Nature Communications},
     year = {2017},
   volume = {8}
}

@article{dabaghian2019,
	author = {Dabaghian, Yuri},
	year = {2019},
	month = {12},
	title = {Through synapses to spatial memory maps via a topological model},
	volume = {9},
	journal = {Scientific Reports}
}

@inproceedings{ng2001,
    author = {Ng, Andrew Y. and Jordan, Michael I. and Weiss, Yair},
    title = {On Spectral Clustering: Analysis and an algorithm},
    booktitle = {Advances In Neural Information Processing Systems},
    year = {2001},
    pages = {849--856},
    publisher = {MIT Press}
}

@article {hiraoka2016,
	author = {Hiraoka, Yasuaki and Nakamura, Takenobu and Hirata, Akihiko and Escolar, Emerson G. and Matsue, Kaname and Nishiura, Yasumasa},
	title = {Hierarchical structures of amorphous solids characterized by persistent homology},
	volume = {113},
	number = {26},
	pages = {7035--7040},
	year = {2016},
	publisher = {National Academy of Sciences},
	journal = {Proceedings of the National Academy of Sciences}
}

@article {parzanchevski2016,
	author = {Parzanchevski, Ori and Rosenthal, Ron and Tessler, Ran J.},
	title = {Isoperimetric  inequalities  in  simplicial complexes},
	volume = {36},
	number = {2},
	pages = {195--	227},
	year = {2016},
	journal = {Combinatorica}
}



@misc{braxton2018,
  author    = {Braxton, Osting and Sourabh, Palande and Bei, Wang},
  title     = {Towards Spectral Sparsification of Simplicial Complexes Based on Generalized Effective Resistance},
  year      = {2017},
  archivePrefix = {arXiv},
  eprint    = {1708.08436}
}


@article{zomorodian2005computing,
  title={Computing persistent homology},
  author={Zomorodian, Afra and Carlsson, Gunnar},
  journal={Discrete \& Computational Geometry},
  volume={33},
  number={2},
  pages={249--274},
  year={2005},
  publisher={Springer}
}

@inproceedings{edelsbrunner2000topological,
  title={Topological persistence and simplification},
  author={Edelsbrunner, Herbert and Letscher, David and Zomorodian, Afra},
  booktitle={Proceedings 41st Annual Symposium on Foundations of Computer Science},
  pages={454--463},
  year={2000},
  organization={IEEE}
}

@book{edelsbrunner2010computational,
  title={Computational topology: an introduction},
  author={Edelsbrunner, Herbert and Harer, John},
  year={2010},
  publisher={American Mathematical Soc.}
}

@article{ghrist2008barcodes,
  title={Barcodes: the persistent topology of data},
  author={Ghrist, Robert},
  journal={Bulletin of the American Mathematical Society},
  volume={45},
  number={1},
  pages={61--75},
  year={2008}
}

@book{hatcher,
    author = {Allen Hatcher},
    publisher = {Cambridge University Press},
    title = {Algebraic Topology},
    year = {2002}
}

@article{mukherjee2016random,
  title={Random walks on simplicial complexes and harmonics},
  author={Mukherjee, Sayan and Steenbergen, John},
  journal={Random structures \& algorithms},
  volume={49},
  number={2},
  pages={379--405},
  year={2016},
  publisher={Wiley Online Library}
}

@book{GUDHI
, title        = "{GUDHI} User and Reference Manual"
, author      = "{The GUDHI Project}"
, publisher     = "{GUDHI Editorial Board}"
, year         = 2015
, url =    "http://gudhi.gforge.inria.fr/doc/latest/"
}

@Article{SLEPc,
   author  = "Vicente Hernandez and Jose E. Roman and Vicente Vidal",
   title   = "{SLEPc}: A scalable and flexible toolkit for the solution of eigenvalue problems",
   journal = "{ACM} Trans. Math. Software",
   volume  = "31",
   number  = "3",
   pages   = "351--362",
   year    = "2005"
}

@inproceedings{belkin2002laplacian,
  title={Laplacian eigenmaps and spectral techniques for embedding and clustering},
  author={Belkin, Mikhail and Niyogi, Partha},
  booktitle={Advances in neural information processing systems},
  pages={585--591},
  year={2002}
}

@article{ica,
  title={Independent component analysis: algorithms and applications},
  author={Hyv{\"a}rinen, Aapo and Oja, Erkki},
  journal={Neural networks},
  volume={13},
  number={4-5},
  pages={411--430},
  year={2000},
  publisher={Elsevier}
}

@inproceedings{subclu,
  title={Density-connected subspace clustering for high-dimensional data},
  author={Kailing, Karin and Kriegel, Hans-Peter and Kr{\"o}ger, Peer},
  booktitle={Proceedings of the 2004 SIAM international conference on data mining},
  pages={246--256},
  year={2004},
  organization={SIAM}
}

@inproceedings{alpha,
  title={Alpha shapes: definition and software},
  author={Akkiraju, Nataraj and Edelsbrunner, Herbert and Facello, Michael and Fu, Ping and M{\"u}cke, EP and Varela, Carlos},
  booktitle={Proceedings of the 1st International Computational Geometry Software Workshop},
  volume={63},
  pages={66},
  year={1995}
}

@article{hausmann1995vietoris,
  title={On the Vietoris--Rips complexes and a cohomology theory for metric spaces},
  author={Hausmann, Jean-Claude},
  journal={Annals of Mathematics Studies},
  volume={138},
  pages={175--188},
  year={1995}
}

@Article{vietoris1927,
author="Vietoris, Leopold",
title={{{\"U}ber den h{\"o}heren Zusammenhang kompakter R{\"a}ume und eine Klasse von zusammenhangstreuen Abbildungen}},
journal="Mathematische Annalen",
year="1927",
volume="97",
number="1",
pages="454--472"
}

@article{suryanarayana2015,
  title={A Survey : Spectral Clustering Applications and its Enhancements},
  author={Suryanarayana, S.V. and Rao, D.G.V. and Swamy, D.G.V.},
  journal={International Journal of Computer Science and Information Technologies},
  volume={6},
  pages={185-189},
  year={2015}
}

@book{madsen1997calculus,
  title={From calculus to cohomology: {de Rham} cohomology and characteristic classes},
  author={Madsen, Ib and Tornehave, Jørgen},
  year={1997},
  publisher={Cambridge University Press}
}

@misc{cascade,
  title={Geometric Data Analysis Across Scales via {L}aplacian Eigenvector Cascading},
  author={Mike, Joshua L and Perea, Jose A},
  archivePrefix = {arXiv},
  eprint    = {1812.02139},
  year = {2018}
}

@inproceedings{barbarossa2018learning,
  title={Learning from signals defined over simplicial complexes},
  author={Barbarossa, Sergio and Sardellitti, Stefania and Ceci, Elena},
  booktitle={2018 IEEE Data Science Workshop (DSW)},
  pages={51--55},
  year={2018},
  organization={IEEE}
}

@article{perraudin2017stationarity,
  title={Stationary signal processing on graphs},
  author={Perraudin, Nathana{\"e}l and Vandergheynst, Pierre},
  journal={IEEE Transactions on Signal Processing},
  volume={65},
  number={13},
  pages={3462--3477},
  year={2017},
  publisher={IEEE},
  archivePrefix={arXiv},
  eprint={1601.02522},
}

@article{wu2020survey,  author={Z. {Wu} and S. {Pan} and F. {Chen} and G. {Long} and C. {Zhang} and P. S. {Yu}},
 journal={IEEE Transactions on Neural Networks and Learning Systems},   title={A Comprehensive Survey on Graph Neural Networks},
 year={2020},
  volume={},
  number={},
  pages={1-21},}

@article{gilmer2017NeuralMP,
  title={Neural Message Passing for Quantum Chemistry},
  author={J. Gilmer and S. Schoenholz and P. Riley and Oriol Vinyals and G. Dahl},
  journal={ArXiv},
  year={2017},
  volume={abs/1704.01212},
  archivePrefix={arXiv},
  eprint={1704.01212},
}

@article{battaglia2018relational,
title	= {Relational inductive biases, deep learning, and graph networks},
author	= {Peter Battaglia and Jessica Blake Chandler Hamrick and Victor Bapst and Alvaro Sanchez and Vinicius Zambaldi and Mateusz Malinowski and Andrea Tacchetti and David Raposo and Adam Santoro and Ryan Faulkner and Caglar Gulcehre and Francis Song and Andy Ballard and Justin Gilmer and George E. Dahl and Ashish Vaswani and Kelsey Allen and Charles Nash and Victoria Jayne Langston and Chris Dyer and Nicolas Heess and Daan Wierstra and Pushmeet Kohli and Matt Botvinick and Oriol Vinyals and Yujia Li and Razvan Pascanu},
year	= {2018},
archivePrefix = {arXiv},
eprint = {1806.01261},
}


@incollection{defferrard2016convolutional,
title = {Convolutional Neural Networks on Graphs with Fast Localized Spectral Filtering},
author = {Defferrard, Micha\"{e}l and Bresson, Xavier and Vandergheynst, Pierre},
booktitle = {Advances in Neural Information Processing Systems 29},
pages = {3844--3852},
year = {2016},

}


@inproceedings{feng2018hypergraphs,
author = {Feng, Yifan and You, Haoxuan and Zizhao, Zhang and Ji, Rongrong and Gao, Yue},
year = {2019},
booktitle={Proceedings of the AAAI Conference on Artificial Intelligence},
volume={33},
number={01},
title = {Hypergraph Neural Networks}
}

@ARTICLE{bronstein2017geometric,

  author={M. M. {Bronstein} and J. {Bruna} and Y. {LeCun} and A. {Szlam} and P. {Vandergheynst}},
  journal={IEEE Signal Processing Magazine},
  title={Geometric Deep Learning: Going beyond Euclidean data},
  year={2017},
  volume={34},
  number={4},
  pages={18-42}}


@InProceedings{Gabrielsson2020topological,
title = {A Topology Layer for Machine Learning},
author = {Gabrielsson, Rickard Br\"uel and Nelson, Bradley J. and Dwaraknath, Anjan and Skraba, Primoz},
pages = {1553--1563},
year = {2020}, 
series = {Proceedings of Machine Learning Research},
volume = {108}
}

@article{Hofer2019LearningRO,
  title={Learning Representations of Persistence Barcodes},
  author={C. Hofer and R. Kwitt and M. Niethammer},
  journal={J. Mach. Learn. Res.},
  year={2019},
  volume={20},
  pages={126:1-126:45}
}

@InProceedings{rieck2018neural,
author = {Rieck, Bastian and Togninalli, Matteo and Bock, Christian and Moor, Michael and Horn, Max and Gumbsch, Thomas and Borgwardt, Karsten},
year = {2019},
series = {International Conference on Learning Representations},

title = {Neural Persistence: A Complexity Measure for Deep Neural Networks Using Algebraic Topology}
}



@inproceedings{ammar18NAACL,
title={Construction of the Literature Graph in Semantic Scholar},
author={Waleed Ammar and Dirk Groeneveld and Chandra Bhagavatula and Iz Beltagy and Miles Crawford and Doug and Sam Skjonsberg and Lucy Lu Wang and Chris Wilhelm and Zheng Yuan and Madeleine van Zuylen and Oren Etzioni},
booktitle={NAACL},
year={2018},
url={https://www.semanticscholar.org/paper/09e3cf5704bcb16e6657f6ceed70e93373a54618}
}


@article{nelwamondo2007missing,
author = {Nelwamondo, Fulufhelo and Mohamed, Shakir and Marwala, Tshilidzi},
year = {2007},
month = {05},
pages = {},
title = {Missing Data: A Comparison of Neural Network and Expectation Maximisation Techniques},
volume = {93},
journal = {Current Science}
}

@book{little1986statistical,
author = {Little, Roderick J A and Rubin, Donald B},
title = {Statistical Analysis with Missing Data},
year = {1986},
isbn = {0471802549},
publisher = {John Wiley \& Sons, Inc.},
address = {USA}
}

@article{spinelli2020neural,
title = {Missing data imputation with adversarially-trained graph convolutional networks},
author = {Indro Spinelli and Simone Scardapane and Aurelio Uncini},
journal = {Neural Networks},
volume = {129},
pages = {249 - 260},
year = {2020}
}


@inproceedings{morris2019weisfeiler,
author = {Morris, Christopher and Ritzert, Martin and Fey, Matthias and Hamilton, William and Lenssen, Jan and Rattan, Gaurav and Grohe, Martin},
year = {2019},
booktitle={Proc. AAAI},
title = {Weisfeiler and Leman Go Neural: Higher-order Graph Neural Networks}
}

%% Structure in NNs: sphere, group, graphs

@article{perraudin2019deepsphere,
  title={{DeepSphere:} Efficient spherical convolutional neural network with {HEALPix} sampling for cosmological applications},
  author={Perraudin, Nathana{\"e}l and Defferrard, Micha{\"e}l and Kacprzak, Tomasz and Sgier, Raphael},
  journal={Astronomy and Computing},
  volume={27},
  pages={130--146},
  year={2019},
  publisher={Elsevier}
}

@inproceedings{defferrard2020deepsphere,
  title = {{DeepSphere}: a graph-based spherical {CNN}},
  author = {Defferrard, Michaël and Milani, Martino and Gusset, Frédérick and Perraudin, Nathanaël},
  booktitle = {International Conference on Learning Representations (ICLR)},
  year = {2020},
  url = {https://openreview.net/forum?id=B1e3OlStPB},
}

@inproceedings{cohen2018sphericalcnn,
  title = {Spherical CNNs},
  author = {Cohen, Taco S and Geiger, Mario and Koehler, Jonas and Welling, Max},
  booktitle = {International Conference on Learning Representations (ICLR)},
  year = {2018},
  archivePrefix = {arXiv},
  eprint = {1801.10130},
}

@inproceedings{esteves2018sphericalcnn,
  title = {Learning SO(3) Equivariant Representations with Spherical CNNs},
  author = {Esteves, Carlos and Allen-Blanchette, Christine and Makadia, Ameesh and Daniilidis, Kostas},
  booktitle = {Proceedings of the European Conference on Computer Vision (ECCV)},
  year = {2018},
  archivePrefix = {arXiv},
  eprint = {1711.06721},
}

@article{cohen2019general,
      title = {A General Theory of Equivariant CNNs on Homogeneous  Spaces},
      author = {Cohen, Taco S. and Geiger, Mario and Weiler, Maurice},
      journal = {Advances In Neural Information Processing Systems 32 (Nips  2019)},
      volume = {32},
      series = {Advances in Neural Information Processing Systems},
      year = {2019},

}

@InProceedings{cohen2016groupnn,
 title = {Group Equivariant Convolutional Networks},
 author = {Taco Cohen and Max Welling},
 pages = {2990--2999},
 year = {2016},
 volume = {48},
 series = {Proceedings of Machine Learning Research},
}

@article{kondor2018groupnn,
  title={On the Generalization of Equivariance and Convolution in Neural Networks to the Action of Compact Groups},
  author={Kondor, Risi and Trivedi, Shubhendu},
  booktitle={International Conference on Machine Learning},
  pages={2747--2755},
  year={2018},
  archivePrefix = {arXiv},
  eprint = {1802.03690},
}

@inproceedings{worrall2017harmonicnn,
  title={Harmonic networks: Deep translation and rotation equivariance},
  author={Worrall, Daniel E and Garbin, Stephan J and Turmukhambetov, Daniyar and Brostow, Gabriel J},
  booktitle={Proceedings of the IEEE Conference on Computer Vision and Pattern Recognition},
  pages={5028--5037},
  year={2017}
}

@inproceedings{bruna2014graphnn,
  author = {Bruna, Joan and Zaremba, Wojciech and Szlam, Arthur and LeCun,  Yann},
  title = {Spectral Networks and Locally Connected Networks on Graphs},
  booktitle = {International Conference on Learning Representations (ICLR)},
  year = {2014},
  archivePrefix = {arXiv},
  eprint = {1312.6203},
}

%% Higher-order relations

@article{ze2020graph,
  title={Graph embedding-based novel protein interaction prediction via higher-order graph convolutional network},
  author={ Ze Xiao and Yue Deng },
  journal={PLoS One},
  volume={15},
  year={2020},

}

@INPROCEEDINGS{monti2018motif,
  author={F. {Monti} and K. {Otness} and M. M. {Bronstein}},
  booktitle={2018 IEEE Data Science Workshop (DSW)},
  title={MotifNet: a motif-based Graph Convolutional Network for directed graphs},
  year={2018},
  volume={},
  number={},
  pages={225-228},}

